@article{PDG2018,
  author         = "Tanabashi, M. and others",
  title          = "{Review of Particle Physics}",
  collaboration  = "Particle Data Group",
  journal        = "Phys. Rev.",
  volume         = "D98",
  year           = "2018",
  number         = "3",
  pages          = "030001",
  doi            = "10.1103/PhysRevD.98.030001",
  SLACcitation   = "%%CITATION = PHRVA,D98,030001;%%"
}

@misc{Jamin2006,
  author         = "Matthias Jamin",
  title          = "{QCD and Renormalisation Group Methods}",
  month          = 9,
  year           = 2006,
  note           = {Lecture presented at Herbstschule f√ºr Hochenergiephysik Maria Laach}
}

  
